@misc{scikit-learn,
 title={Scikit-learn 1.3.2},
 note={\url{https://github.com/scikit-learn/scikit-learn}}
}

@misc{keras,
 title={Keras 2.15.0},
 howpublished={\url{https://github.com/fchollet/keras}}
}

@misc{eigen,
 title={Eigen 3.4.0},
 howpublished={\url{https://gitlab.com/libeigen/eigen}}
}