@INbook{Qiao2022,
author="Qiao, Hong
and Ma, Chao
and Li, Rui",
title="The ``Hand-eye-brain'' System of Intelligent Robot: From Interdisciplinary Perspective of Information Science and Neuroscience",
publisher="Springer Singapore",
year="2022",
chapter="Explicit Nonlinear Mapping for Manifold Learning with Neighborhood Preserving Polynomial Embedding",
pages="81--106"
}
@ARTICLE{6220279,
  author={Qiao, Hong and Zhang, Peng and Wang, Di and Zhang, Bo},
  journal={IEEE Transactions on Cybernetics}, 
  title={An {E}xplicit {N}onlinear {M}apping for {M}anifold {L}earning}, 
  year={2013},
  volume={43},
  number={1},
  pages={51-63},
}

@article{article,
author = {Saul, Lawrence and Roweis, Sam},
year = {2001},
pages = {},
title = {An {I}ntroduction to {L}ocally {L}inear {E}mbedding},
volume = {7},
journal = {Journal of Machine Learning Research}
}

@article{article1,
author = {van der Maaten, Laurens and Postma, Eric and Herik, H.},
year = {2007},
month = {01},
pages = {},
title = {Dimensionality {R}eduction: {A} {C}omparative {R}eview},
volume = {10},
journal = {Journal of Machine Learning Research - JMLR}
}

@Inbook{Wang2012,
author="Wang, Jianzhong",
chapter="Locally Linear Embedding",
title="Geometric Structure of High-Dimensional Data and Dimensionality Reduction",
year="2012",
publisher="Springer Berlin Heidelberg",
address="Berlin, Heidelberg",
pages="203--220",
isbn="978-3-642-27497-8",
doi="10.1007/978-3-642-27497-8_10",
url="https://doi.org/10.1007/978-3-642-27497-8_10"
}
